@article{Hoeffding,
    title={A class of statistics with asymptotically normal distribution},
    author={Wassily Hoeffding},
    journal={Ann. Math. Statistics},
    volume={19},
    pages={293--325},
    year={1948}
}

@article{AslanZech2005,
    title={New test for the multivariate two-sample problem based on the concept of minimum energy},
    author={Aslan, B and Zech, G},
    journal={Journal of Statistical Computation and Simulation},
    volume={75},
    number={2},
    pages={109--119},
    year={2005},
    publisher={Taylor \& Francis}
}

@book{Lehman1986,
    title={Testing Statistical Hypotheses},
    author={Lehmann, E.L.},
    isbn={9780471840831},
    lccn={85029469},
    series={Probability and Statistics Series},
    url={https://books.google.com/books?id=jexQAAAAMAAJ},
    year={1986},
    publisher={Wiley}
}

@article{Buening2001,
    author = "Buening, H",
    title = "Kolmogorov-Smirnov and Cram`er-von Mises type two-sample tests with various weight functions",
    journal = "Communications in Statistics-Simulation and Computation", 
    volume = "30", 
    pages = "847--865",
    year = "2001"
}

@article{Anderson2011,
    author = "Anderson, T.W.",
    title = "Andersonâ€“Darling Tests of Goodness-of-Fit",
    journal = "In: Lovric M. (eds) International Encyclopedia of Statistical Science", 
    publisher = "Springer", 
    address = "Berlin, Heidelberg",
    year = "2011",
    url = "https://doi.org/10.1007/978-3-642-04898-2\_118"
}

@article{MelasSalnikov2021,
    author = "Melas, V.B. and Salnikov, D.I.",
    title = "On Asymptotic Power of the New Test for Equality of Two Distributions",
    journal = "A. N. Shiryaev et al. (eds.), Recent Developments in Stochastic Methods and Applications", publisher = "Springer Proceedings in Mathematics and Statistics",
    volume = "371",
    year = "2021"
}
